@article{shton2009that,
  author    = {K. Ashton},
  title     = {That Internet of Things thing},
  journal   = {RFiD j.},
  volume    = {22},
  number    = {7},
  pages     = {97--114},
  year      = {2009},
}

@article{al2015internet,
  title     = {Internet of things: A survey on enabling technologies, protocols, and applications},
  author    = {Al-Fuqaha, Ala and Guizani, Mohsen and Mohammadi, Mehdi and Aledhari, Mohammed and Ayyash, Moussa},
  journal   = {IEEE communications surveys \& tutorials},
  volume    = {17},
  number    = {4},
  pages     = {2347--2376},
  year      = {2015},
  publisher = {IEEE}
}

@article{zheng2011internet,
  title     = {The internet of things [Guest Editorial]},
  author    = {Zheng, Jun and Simplot-Ryl, David and Bisdikian, Chatschik and Mouftah, Hussein T},
  journal   = {IEEE Communications Magazine},
  volume    = {49},
  number    = {11},
  pages     = {30--31},
  year      = {2011},
  publisher = {IEEE}
}

@article{bellavista2013convergence,
  title={Convergence of MANET and WSN in IoT urban scenarios},
  author={Bellavista, Paolo and Cardone, Giuseppe and Corradi, Antonio and Foschini, Luca},
  journal={IEEE Sensors Journal},
  volume={13},
  number={10},
  pages={3558--3567},
  year={2013},
  publisher={IEEE}
}

@article{laya2013investing,
  title={Who is investing in machine-to-machine communications?},
  author={Laya, Andres and Bratu, Vlad-loan and Markendahl, Jan},
  year={2013},
  publisher={Florence: ITS}
}

@CONFERENCE{schaffers2011smart,
  title={Smart cities and the future internet: Towards cooperation frameworks for open innovation},
  author={Schaffers, Hans and Komninos, Nicos and Pallot, Marc and Trousse, Brigitte and Nilsson, Michael and Oliveira, Alvaro},
  booktitle={The future internet assembly},
  pages={431--446},
  year={2011},
  organization={Springer}
}

@article{cuff2008urban,
  title={Urban sensing: out of the woods},
  author={Cuff, Dana and Hansen, Mark and Kang, Jerry},
  journal={Communications of the ACM},
  volume={51},
  number={3},
  pages={24},
  year={2008}
}

@article{lynch2006summary,
  title={A summary review of wireless sensors and sensor networks for structural health monitoring},
  author={Lynch, Jerome P and Loh, Kenneth J},
  journal={Shock and Vibration Digest},
  volume={38},
  number={2},
  pages={91--130},
  year={2006},
  publisher={Citeseer}
}

@article{nuortio2006improved,
  title={Improved route planning and scheduling of waste collection and transport},
  author={Nuortio, Teemu and Kyt{\"o}joki, Jari and Niska, Harri and Br{\"a}ysy, Olli},
  journal={Expert systems with applications},
  volume={30},
  number={2},
  pages={223--232},
  year={2006},
  publisher={Elsevier}
}

@article{al2010mobile,
  title={A mobile GPRS-sensors array for air pollution monitoring},
  author={Al-Ali, AR and Zualkernan, Imran and Aloul, Fadi},
  journal={IEEE Sensors Journal},
  volume={10},
  number={10},
  pages={1666--1671},
  year={2010},
  publisher={IEEE}
}

@CONFERENCE{maisonneuve2009citizen,
  title={Citizen noise pollution monitoring},
  author={Maisonneuve, Nicolas and Stevens, Matthias and Niessen, Maria E and Hanappe, Peter and Steels, Luc},
  booktitle={Proceedings of the 10th Annual International Conference on Digital Government Research: Social Networks: Making Connections between Citizens, Data and Government},
  pages={96--103},
  year={2009},
  organization={Digital Government Society of North America}
}

@article{li2008performance,
  title={Performance evaluation of vehicle-based mobile sensor networks for traffic monitoring},
  author={Li, Xu and Shu, Wei and Li, Minglu and Huang, Hong-Yu and Luo, Pei-En and Wu, Min-You},
  journal={IEEE transactions on vehicular technology},
  volume={58},
  number={4},
  pages={1647--1653},
  year={2008},
  publisher={IEEE}
}

@CONFERENCE{lee2008intelligent,
  title={Intelligent parking lot application using wireless sensor networks.},
  author={Lee, Sangwon and Yoon, Dukhee and Ghosh, Amitabha},
  booktitle={CTS},
  pages={48--57},
  year={2008}
}

@article{zanella2014internet,
  title     = {Internet of things for smart cities},
  author    = {Zanella, Andrea and Bui, Nicola and Castellani, Angelo and Vangelista, Lorenzo and Zorzi, Michele},
  journal   = {IEEE Internet of Things journal},
  volume    = {1},
  number    = {1},
  pages     = {22--32},
  year      = {2014},
  publisher = {IEEE}
}

@article{2018cisco,
  title     = {Cisco Edge-to-Enterprise IoT Analytics for Electric Utilities},
  year      = {2018},
  url       = {https://www.cisco.com/c/en/us/solutions/collateral/data-center-virtualization/big-data/solution-overview-c22-740248.pdf}
}

@article{shi2016edge,
  title     = {Edge computing: Vision and challenges},
  author    = {Shi, Weisong and Cao, Jie and Zhang, Quan and Li, Youhuizi and Xu, Lanyu},
  journal   = {IEEE Internet of Things Journal},
  volume    = {3},
  number    = {5},
  pages     = {637--646},
  year      = {2016},
  publisher = {IEEE}
}
@article{sarkar2016theoretical,
  title={Theoretical modelling of fog computing: a green computing paradigm to support IoT applications},
  author={Sarkar, Subhadeep and Misra, Sudip},
  journal={Iet Networks},
  volume={5},
  number={2},
  pages={23--29},
  year={2016},
  publisher={IET}
}

@article{heng2019computing,
  author    = {Heng Liu and Haoming Jia and Jiaqi Chen and Xiaohu Ge and Yonghui Li},
  title     = {Computing Resource Allocation of Mobile Edge Computing Networks Based on Potential Game Theory},
  journal   = {CoRR},
  volume    = {abs/1901.00233},
  year      = {2019},
  url       = {http://arxiv.org/abs/1901.00233},
  archivePrefix = {arXiv},
  eprint    = {1901.00233},
  timestamp = {Thu, 31 Jan 2019 13:52:49 +0100},
  
  bibsource = {dblp computer science bibliography, https://dblp.org}
}

@article{deng2016optimal,
  title     = {Optimal workload allocation in fog-cloud computing toward balanced delay and power consumption},
  author    = {Deng, Ruilong and Lu, Rongxing and Lai, Chengzhe and Luan, Tom H and Liang, Hao},
  journal   = {IEEE Internet of Things Journal},
  volume    = {3},
  number    = {6},
  pages     = {1171--1181},
  year      = {2016},
  publisher = {IEEE}
}

@article{barcelo2016iot,
  title={IoT-cloud service optimization in next generation smart environments},
  author={Barcelo, Marc and Correa, Alejandro and Llorca, Jaime and Tulino, Antonia M and Vicario, Jose Lopez and Morell, Antoni},
  journal={IEEE Journal on Selected Areas in Communications},
  volume={34},
  number={12},
  pages={4077--4090},
  year={2016},
  publisher={IEEE}
}

@article{liu2017multiobjective,
  title={Multiobjective optimization for computation offloading in fog computing},
  author={Liu, Liqing and Chang, Zheng and Guo, Xijuan and Mao, Shiwen and Ristaniemi, Tapani},
  journal={IEEE Internet of Things Journal},
  volume={5},
  number={1},
  pages={283--294},
  year={2017},
  publisher={IEEE}
}



@article{gu2018joint,
  title     = {Joint radio and computational resource allocation in IoT fog computing},
  author    = {Gu, Yunan and Chang, Zheng and Pan, Miao and Song, Lingyang and Han, Zhu},
  journal   = {IEEE Transactions on Vehicular Technology},
  volume    = {67},
  number    = {8},
  pages     = {7475--7484},
  year      = {2018},
  publisher = {IEEE}
}

@article{du2018computation,
  title={Computation offloading and resource allocation in mixed fog/cloud computing systems with min-max fairness guarantee},
  author={Du, Jianbo and Zhao, Liqiang and Feng, Jie and Chu, Xiaoli},
  journal={IEEE Transactions on Communications},
  volume={66},
  number={4},
  pages={1594--1608},
  year={2018},
  publisher={IEEE}
}

@article{zhu2018folo,
  title={Folo: Latency and quality optimized task allocation in vehicular fog computing},
  author={Zhu, Chao and Tao, Jin and Pastor, Giancarlo and Xiao, Yu and Ji, Yusheng and Zhou, Quan and Li, Yong and Yl{\"a}-J{\"a}{\"a}ski, Antti},
  journal={IEEE Internet of Things Journal},
  year={2018},
  publisher={IEEE}
}

@article{zhou2018computation,
  title={Computation rate maximization in UAV-enabled wireless-powered mobile-edge computing systems},
  author={Zhou, Fuhui and Wu, Yongpeng and Hu, Rose Qingyang and Qian, Yi},
  journal={IEEE Journal on Selected Areas in Communications},
  volume={36},
  number={9},
  pages={1927--1941},
  year={2018},
  publisher={IEEE}
}

@article{wang2019smart,
  title={Smart Resource Allocation for Mobile Edge Computing: A Deep Reinforcement Learning Approach},
  author={Wang, Jiadai and Zhao, Lei and Liu, Jiajia and Kato, Nei},
  journal={IEEE Transactions on Emerging Topics in Computing},
  year={2019},
  publisher={IEEE}
}

@article{zhang2017computing,
  title     = {Computing resource allocation in three-tier IoT fog networks: A joint optimization approach combining Stackelberg game and matching},
  author    = {Zhang, Huaqing and Xiao, Yong and Bu, Shengrong and Niyato, Dusit and Yu, F Richard and Han, Zhu},
  journal   = {IEEE Internet of Things Journal},
  volume    = {4},
  number    = {5},
  pages     = {1204--1215},
  year      = {2017},
  publisher = {IEEE}
}

@article{liu2018multiobjective,
  title     = {Multiobjective optimization for computation offloading in fog computing},
  author    = {Liu, Liqing and Chang, Zheng and Guo, Xijuan and Mao, Shiwen and Ristaniemi, Tapani},
  journal   = {IEEE Internet of Things Journal},
  volume    = {5},
  number    = {1},
  pages     = {283--294},
  year      = {2018},
  publisher = {IEEE}
}

@CONFERENCE{optimial_price_cloud_valerio,
  author    = {V. Di Valerio and V. Cardellini and F. L. Presti},
  address   = {Santa Clara Marriott, CA, USA},
  booktitle = {IEEE Sixth International Conference on Cloud Comput-ing},
  title     = {Optimal Pricing and Service Provisioning Strategies in Cloud Systems: A Stackelberg Game Approach},
  month     = {Jul.},
  year      = {2013},
  pages     = {115--122},
}

@INCOLLECTION{auction_algorithms_bertsekas,
  author    = {D. Bertsekas},
  title     = {Auction algorithms},
  booktitle = {Encyclopedia of Optimization},
  publisher = {Springer US},
  editor    = {C. Floudas and P. Pardalos, Eds},
  year      = {2001},
  pages     = {73--77}
}

@CONFERENCE{distributed_auction_algorithms_zavlanos,
  booktitle = {47th IEEE Conference on Decision and Control},
  author    = {M. Zavlanos and L. Spesivtsev and G. Pappas},
  title     = {A distributed auction algorithm for the assignment problem},
  month     = {Dec.},
  year      = {2008},
  pages     = {1212--1217},
}

@ARTICLE{iot_cloud_optimization_barcelo,
  author    = {M. Barcelo and A. Correa and J. Llorca and A. Tulino and J. L. Vicario and A.Morell},
  title     = {IoT-cloud service optimization in next generation smart environments},
  year      = {2016},
  month     = {Dec.},
  journal   = {IEEE Journal on Selected Areas in Communications},
  volume    = {34},
  number    = {12},
  pages     = {4070--4090}
}

@article{basic_queueing_sztrik,
  title     = {Basic queueing theory},
  author    = {Sztrik, J{\'a}nos},
  journal   = {University of Debrecen, Faculty of Informatics},
  volume    = {193},
  year      = {2012}
}

@book{bertsimas1997introduction,
  title     = {Introduction to linear optimization},
  author    = {Bertsimas, Dimitris and Tsitsiklis, John N},
  volume    = {6},
  year      = {1997},
  publisher = {Athena Scientific Belmont, MA}
}

@book{boyd2004convex,
  title     = {Convex optimization},
  author    = {Boyd, Stephen and Vandenberghe, Lieven},
  year      = {2004},
  publisher = {Cambridge university press}
}

@electronic{2019domo,
  title     = {Data Never Sleeps 7.0},
  url       = {https://www.domo.com/learn/data-never-sleeps-7}
}

@inproceedings{yi2015fog,
  title={Fog computing: Platform and applications},
  author={Yi, Shanhe and Hao, Zijiang and Qin, Zhengrui and Li, Qun},
  booktitle={2015 Third IEEE Workshop on Hot Topics in Web Systems and Technologies (HotWeb)},
  pages={73--78},
  year={2015},
  organization={IEEE}
}

@inproceedings{ha2014towards,
  title={Towards wearable cognitive assistance},
  author={Ha, Kiryong and Chen, Zhuo and Hu, Wenlu and Richter, Wolfgang and Pillai, Padmanabhan and Satyanarayanan, Mahadev},
  booktitle={Proceedings of the 12th annual international conference on Mobile systems, applications, and services},
  pages={68--81},
  year={2014},
  organization={ACM}
}

@inproceedings{chun2011clonecloud,
  title={Clonecloud: elastic execution between mobile device and cloud},
  author={Chun, Byung-Gon and Ihm, Sunghwan and Maniatis, Petros and Naik, Mayur and Patti, Ashwin},
  booktitle={Proceedings of the sixth conference on Computer systems},
  pages={301--314},
  year={2011},
  organization={ACM}
}

@article{index2015forecast,
  title={Forecast and Methodology, 2014--2019, 2015},
  author={Index, Cisco Global Cloud},
  journal={Forr{\'a}s: www.cisco.com/c/en/us/solutions/collateral/service-provider/global-cloud-index-gci/Cloud\_Index\_White\_Paper. pdf (2015. 10. 01.)}
}

@inproceedings{jain2016overview,
  title={Overview of virtualization in cloud computing},
  author={Jain, Nancy and Choudhary, Sakshi},
  booktitle={2016 Symposium on Colossal Data Analysis and Networking (CDAN)},
  pages={1--4},
  year={2016},
  organization={IEEE}
}

@inproceedings{pahl2015containers,
  title={Containers and clusters for edge cloud architectures--a technology review},
  author={Pahl, Claus and Lee, Brian},
  booktitle={2015 3rd international conference on future internet of things and cloud},
  pages={379--386},
  year={2015},
  organization={IEEE}
}

@inproceedings{morabito2015hypervisors,
  title={Hypervisors vs. lightweight virtualization: a performance comparison},
  author={Morabito, Roberto and Kj{\"a}llman, Jimmy and Komu, Miika},
  booktitle={2015 IEEE International Conference on Cloud Engineering},
  pages={386--393},
  year={2015},
  organization={IEEE}
}

@electronic{2018are,
  title     = {Are Containers Replacing Virtual Machines},
  url       = {https://blog.docker.com/2018/08/containers-replacing-virtual-machines/}
}

@article{bui2015analysis,
  title={Analysis of docker security},
  author={Bui, Thanh},
  journal={arXiv preprint arXiv:1501.02967},
  year={2015}
}

@online{tejun2015Linux,
  author    = {Tejun Heo},
  title     = {CGOUPS},
  url       = {https://www.kernel.org/doc/Documentation/cgroup-v2.txt},
  year      = {2015},
  month     = {Jan.~20}
}

@online{2015Linux,
  title     = {Linux Programmer's Manual: namespaces - overview of Linux namespaces},
  url       = {http://man7.org/linux/manpages/man7/namespaces.7.html}
}

@online{2019kvm,
  title     = {Linux KVM},
  url       = {https://www.linux-kvm.org/page/Main_Page}
}

@online{2019esxi,
  title     = {ESXi | Bare Metal Hypervisor},
  url       = {https://www.vmware.com/products/esxi-and-esx.html}
}

@online{2019xen,
  title     = {Xen Project },
  url = {https://xenproject.org/}
}

@online{2019hyper,
  title     = {Hyper-V Technology Overview},
  url       = {https://docs.microsoft.com/en-us/windows-server/virtualization/hyper-v/hyper-v-technology-overview},
  year      = {2016},
  month     = {Nov.~29}
}

@online{2019openvz,
  title     = {OpenVZ},
  url       = {https://openvz.org/}
}

@online{2019vserver,
  title     = {Linux-VServer},
  url       = {http://www.linux-vserver.org}
}

@online{2019containers,
  title     = {Linux Containers},
  url       = {https://linuxcontainers.org/}
}

@online{2019docker,
  title     = {Docker - Enterprise Container Platform for High-Velocity Innovation},
  url       = {http://www.docker.com/}
}

@online{2019rtk,
  title     = {rtk - A security-minded, standards-based container engine},
  url       = {https://coreos.com/rkt/}
}

@online{2019demystifying,
  title     = {Demystifying Containers 101: A Deep Dive Into Container Technology for Beginners},
  url       = {https://www.freecodecamp.org/news/demystifying-containers-101-a-deep-dive-into-container-technolo.gy-for-beginners-d7b60d8511c1/},
  year      = {2018},
  month     = {Oct.~26}
}

@conference{ismail2015evaluation,
  title={Evaluation of docker as edge computing platform},
  author={Ismail, Bukhary Ikhwan and Goortani, Ehsan Mostajeran and Ab Karim, Mohd Bazli and Tat, Wong Ming and Setapa, Sharipah and Luke, Jing Yuan and Hoe, Ong Hong},
  booktitle={2015 IEEE Conference on Open Systems (ICOS)},
  pages={130--135},
  year={2015},
  organization={IEEE}
}

@article{viswanath2016system,
  title={System design of the internet of things for residential smart grid},
  author={Viswanath, Sanjana Kadaba and Yuen, Chau and Tushar, Wayes and Li, Wen-Tai and Wen, Chao-Kai and Hu, Kun and Chen, Cheng and Liu, Xiang},
  journal={IEEE Wireless Communications},
  volume={23},
  number={5},
  pages={90--98},
  year={2016},
  publisher={IEEE}
}

@conference{morabito2016enabling,
  title={Enabling data processing at the network edge through lightweight virtualization technologies},
  author={Morabito, Roberto and Beijar, Nicklas},
  booktitle={2016 IEEE International Conference on Sensing, Communication and Networking (SECON Workshops)},
  pages={1--6},
  year={2016},
  organization={IEEE}
}

@conference{novo2015capillary,
  title={Capillary networks-bridging the cellular and iot worlds},
  author={Novo, Oscar and Beijar, Nicklas and Ocak, Mert and Kj allman, Jimmy and Komu, Miika and Kauppinen, Tero},
  booktitle={2015 IEEE 2nd World Forum on Internet of Things (WF-IoT)},
  pages={571--578},
  year={2015},
  organization={IEEE}
}

@conference{celesti2016exploring,
  title={Exploring container virtualization in IoT clouds},
  author={Celesti, Antonio and Mulfari, Davide and Fazio, Maria and Villari, Massimo and Puliafito, Antonio},
  booktitle={2016 IEEE International Conference on Smart Computing (SMARTCOMP)},
  pages={1--6},
  year={2016},
  organization={IEEE}
}

@conference{krylovskiy2015internet,
  title={Internet of things gateways meet linux containers: Performance evaluation and discussion},
  author={Krylovskiy, Alexandr},
  booktitle={2015 IEEE 2nd World Forum on Internet of Things (WF-IoT)},
  pages={222--227},
  year={2015},
  organization={IEEE}
}

@article{satyanarayanan2009case,
  title={The case for vm-based cloudlets in mobile computing},
  author={Satyanarayanan, Mahadev and Bahl, Victor and Caceres, Ram{\'o}n and Davies, Nigel},
  journal={IEEE pervasive Computing},
  year={2009}
}

@article{hajji2016understanding,
  title={Understanding the performance of low power Raspberry Pi Cloud for big data},
  author={Hajji, Wajdi and Tso, Fung},
  journal={Electronics},
  volume={5},
  number={2},
  pages={29},
  year={2016},
  publisher={Multidisciplinary Digital Publishing Institute}
}

@article{morabito2017virtualization,
  title={Virtualization on internet of things edge devices with container technologies: a performance evaluation},
  author={Morabito, Roberto},
  journal={IEEE Access},
  volume={5},
  pages={8835--8850},
  year={2017},
  publisher={IEEE}
}

@conference{pahl2016container,
  title={A container-based edge cloud paas architecture based on raspberry pi clusters},
  author={Pahl, Claus and Helmer, Sven and Miori, Lorenzo and Sanin, Julian and Lee, Brian},
  booktitle={2016 IEEE 4th International Conference on Future Internet of Things and Cloud Workshops (FiCloudW)},
  pages={117--124},
  year={2016},
  organization={IEEE}
}

@conference{bellavista2017feasibility,
  title={Feasibility of fog computing deployment based on docker containerization over raspberrypi},
  author={Bellavista, Paolo and Zanni, Alessandro},
  booktitle={Proceedings of the 18th international conference on distributed computing and networking},
  pages={16},
  year={2017},
  organization={ACM}
}

@article{gale1962college,
  title={College admissions and the stability of marriage},
  author={Gale, David and Shapley, Lloyd S},
  journal={The American Mathematical Monthly},
  volume={69},
  number={1},
  pages={9--15},
  year={1962},
  publisher={Taylor \& Francis}
}

@article{mcvitie1970stable,
  title={Stable marriage assignment for unequal sets},
  author={McVitie, David G and Wilson, Leslie B},
  journal={BIT Numerical Mathematics},
  volume={10},
  number={3},
  pages={295--309},
  year={1970},
  publisher={Springer}
}



@article{decentralized_approach,
	author = {Falsone, Alessandro and Margellos, Kostas and Prandini, Maria},
	year = {2017},
	month = {06},
	pages = {},
	title = {A decentralized approach to multi-agent MILPs: Finite-time feasibility and performance guarantees},
	volume = {103},
	journal = {Automatica},
	doi = {10.1016/j.automatica.2019.01.009}
}

@article{testa2019distributed,
	title={Distributed mixed-integer linear programming via cut generation and constraint exchange},
	author={Testa, Andrea and Rucco, Alessandro and Notarstefano, Giuseppe},
	journal={IEEE Transactions on Automatic Control},
	volume={65},
	number={4},
	pages={1456--1467},
	year={2019},
	publisher={IEEE}
}
